@inproceedings{PotashRR17,
   author       = {Peter Potash and Alexey Romanov and Anna Rumshisky},
   title        = {{SemEval}-2017 {Task}~6: {\#HashtagWars:} Learning a Sense of Humor},
   year         = {2017},
   booktitle    = {Proceedings of the 11th International Workshop on Semantic Evaluation (SemEval-2017)},
   month        = {August},
   address     = {Vancouver, BC}
}

@InProceedings{hello,
  author =  "Danescu-Niculescu-Mizil, Cristian and Cheng, Justin and Kleinberg, Jonand Lee, Lillian",
  title =   "You Had Me at Hello: How Phrasing Affects Memorability",
  booktitle =   "Proceedings of the 50th Annual Meeting of the Association for Computational Linguistics (Volume 1: Long Papers)",
  year =  "2012",
  publisher =   "Association for Computational Linguistics",
  pages =   "892--901",
  location =  "Jeju Island, Korea",
  url =   "http://aclweb.org/anthology/P12-1094"
}

@inproceedings{Heafield-estimate,
  author = {Kenneth Heafield and Ivan Pouzyrevsky and Jonathan H. Clark and Philipp Koehn},
  title = {Scalable Modified {Kneser-Ney} Language Model Estimation},
  year = {2013},
  month = {August},
  booktitle = {Proceedings of the 51st Annual Meeting of the Association for Computational Linguistics},
  address = {Sofia, Bulgaria},
  pages = {690--696},
}





