@inproceedings{PotashRR17,
   author       = {Peter Potash and Alexey Romanov and Anna Rumshisky},
   title        = {{SemEval}-2017 {Task}~6: {\#HashtagWars:} 
Learning a Sense of Humor},
   year         = {2017},
   booktitle    = {Proceedings of the 11th International 
Workshop on Semantic Evaluation (SemEval-2017)},
   month        = {August},
   address     = {Vancouver, BC}
}

@inproceedings{YanP17,
   author       = {Xinru Yan and Ted Pedersen},
   title        = {Duluth at SemEval-2017 Task 6:  
Language Models in Humor Detection},
   year         = {2017},
   booktitle    = {Proceedings of the 11th International 
Workshop on Semantic Evaluation (SemEval-2017)},
   month        = {August},
   address     = {Vancouver, BC}
}

@inproceedings{HeafieldPCK13,
  author = {Kenneth Heafield and Ivan Pouzyrevsky 
and Jonathan H. Clark and Philipp Koehn},
  title = {Scalable Modified {Kneser-Ney} Language Model Estimation},
  year = {2013},
  month = {August},
  booktitle = {Proceedings of the 51st Annual Meeting 
of the Association for Computational Linguistics},
  address = {Sofia, Bulgaria},
  pages = {690--696},
}

@inproceedings{ZhangL14,
 author = {Zhang, Renxian and Liu, Naishi},
 title = {Recognizing Humor on Twitter},
 booktitle = {Proceedings of the 23rd ACM International 
Conference on Conference on Information and Knowledge Management},
 series = {CIKM '14},
 year = {2014},
 isbn = {978-1-4503-2598-1},
 location = {Shanghai, China},
 pages = {889--898},
 numpages = {10},
 acmid = {2661997},
 publisher = {ACM},
 address = {New York, NY, USA},
 keywords = {computational humor, humor recognition, machine learning, twitter},
}

@inproceedings{MizilCKL12,
 author = {Danescu-Niculescu-Mizil, Cristian and Cheng, Justin 
and Kleinberg, Jon and Lee, Lillian},
 title = {You Had Me at Hello: How Phrasing Affects Memorability},
 booktitle = {Proceedings of the 50th Annual Meeting of the Association for Computational Linguistics: Long Papers - Volume 1},
 series = {ACL '12},
 year = {2012},
 location = {Jeju Island, Korea},
 pages = {892--901},
 numpages = {10},
 acmid = {2390647},
 publisher = {Association for Computational Linguistics},
 address = {Stroudsburg, PA, USA},
}

@inproceedings{OzbalS12,
  title={A computational approach to the automation of creative naming},
  author={{\"O}zbal, G{\"o}zde and Strapparava, Carlo},
  booktitle={Proceedings of the 50th Annual Meeting of the Association for Computational Linguistics: Long Papers-Volume 1},
  pages={703--711},
  year={2012},
  organization={Association for Computational Linguistics}
}

@article{MihalceaS06,
  title={Learning to laugh (automatically): 
Computational models for humor recognition},
  author={Mihalcea, Rada and Strapparava, Carlo},
  journal={Computational Intelligence},
  volume={22},
  number={2},
  pages={126--142},
  year={2006}
}

@inproceedings{StockS03,
  title={Getting serious about the development of computational humor},
  author={Stock, Oliviero and Strapparava, Carlo},
        booktitle = {Proceedings of the Eighteenth
International Joint Conference on Artificial Intelligence},
  pages={59--64},
        month ={August},
        address = {Acapulco}, 
         year={2003}
}

@InProceedings{MillerG15,
  author    = {Miller, Tristan  and  Gurevych, Iryna},
  title     = {Automatic disambiguation of English puns},
  booktitle = {Proceedings of the 53rd Annual Meeting of the 
Association for Computational Linguistics and 
the 7th International Joint Conference 
on Natural Language Processing (Volume 1: Long Papers)},
  month     = {July},
  year      = {2015},
  address   = {Beijing, China},
  publisher = {Association for Computational Linguistics},
  pages     = {719--729},
}

@incollection {Firth57,
        author={Firth, J.},
        title={A Synopsis of Linguistic Theory 1930-1955},
        booktitle={Selected Papers of J. R. Firth},
        editor={F. Palmer},
        year={1968},
        publisher={Longman}
}

@inproceedings{ShahafHM15,
 author = {Shahaf, Dafna and Horvitz, Eric and Mankoff, Robert},
 title = {Inside Jokes: Identifying Humorous Cartoon Captions},
 booktitle = {Proceedings of the 21th ACM SIGKDD International Conference on Knowledge Discovery and Data Mining},
 series = {KDD '15},
 year = {2015},
 isbn = {978-1-4503-3664-2},
 location = {Sydney, NSW, Australia},
 pages = {1065--1074},
 numpages = {10},
 acmid = {2783388},
 publisher = {ACM},
 address = {New York, NY, USA},
}

@inproceedings{MikolovKBCK11,
  title={Extensions of recurrent neural network language model},
  author={Mikolov, Tom{\'a}{\v{s}} and 
Kombrink, Stefan and Burget, Luk{\'a}{\v{s}} and 
{\v{C}}ernock{\`y}, Jan and Khudanpur, Sanjeev},
  booktitle={Acoustics, Speech and Signal Processing (ICASSP), 2011 IEEE International Conference on},
  pages={5528--5531},
  year={2011},
  organization={IEEE}
}

@article{PotashRR16,
  title={{\#HashtagWars}: Learning a Sense of Humor},
  author={Potash, Peter and Romanov, Alexey and Rumshisky, Anna},
  journal={arXiv preprint arXiv:1612.03216},
  year={2016}
}

@article{GravesWD14,
  title={Neural turing machines},
  author={Graves, Alex and Wayne, Greg and Danihelka, Ivo},
  journal={arXiv preprint arXiv:1410.5401},
  year={2014}
}

@inproceedings{SundermeyerSN12,
  title={LSTM Neural Networks for Language Modeling.},
  author={Sundermeyer, Martin and Schl{\"u}ter, Ralf and Ney, Hermann},
  booktitle={Interspeech},
  pages={194--197},
  year={2012}
}

@article{SundermeyeNS15,
  title={From feedforward to recurrent LSTM 
neural networks for language modeling},
  author={Sundermeyer, Martin and Ney, Hermann 
and Schl{\"u}ter, Ralf},
  journal={IEEE/ACM Transactions on Audio, Speech 
and Language Processing (TASLP)},
  volume={23},
  number={3},
  pages={517--529},
  year={2015},
  publisher={IEEE Press}
}

@article{KimJSR15,
  title={Character-aware neural language models},
  author={Kim, Yoon and Jernite, Yacine and 
Sontag, David and Rush, Alexander M},
  journal={arXiv preprint arXiv:1508.06615},
  year={2015}
}

@InProceedings{BerteroF16,
  author    = {Bertero, Dario  and  Fung, Pascale},
  title     = {A Long Short-Term Memory Framework for 
Predicting Humor in Dialogues},
  booktitle = {Proceedings of the 2016 Conference 
of the North American Chapter of the Association 
for Computational Linguistics: Human Language Technologies},
  month     = {June},
  year      = {2016},
  address   = {San Diego, California},
  publisher = {Association for Computational Linguistics},
  pages     = {130--135}
}

@article{ChenL17,
  author    = {Lei Chen and Chong Min Lee},
  title     = {Convolutional Neural Network for Humor Recognition},
  year      = {2017},
  journal={arXiv preprint arXiv:1702.02584}
}

@InProceedings{TaiSM15,
  author    = {Tai, Kai Sheng  and  Socher, Richard  and  Manning, Christopher D.},
  title     = {Improved Semantic Representations From Tree-Structured Long Short-Term Memory Networks},
  booktitle = {Proceedings of the 53rd Annual Meeting of the Association for Computational Linguistics and the 7th International Joint Conference on Natural Language Processing (Volume 1: Long Papers)},
  month     = {July},
  year      = {2015},
  address   = {Beijing, China},
  publisher = {Association for Computational Linguistics},
  pages     = {1556--1566}
}

