@book{Aho:72,
    author  = {Alfred V. Aho and Jeffrey D. Ullman},
    title   = {The Theory of Parsing, Translation and Compiling},
    year    = "1972",
    volume  = "1",
    publisher = {Prentice-Hall},
    address = {Englewood Cliffs, NJ}
}

@book{APA:83,
    author  = {{American Psychological Association}},
    title   = {Publications Manual},
    year    = "1983",
   publisher = {American Psychological Association},
   address = {Washington, DC}
}

@article{ACM:83,
	author = {Association for Computing Machinery},
	year = "1983",
	journal = {Computing Reviews},
	volume = "24",
	number = "11",
	pages = "503--512"
}

@article{Chandra:81,
	author = {Ashok K. Chandra and Dexter C. Kozen and Larry J. Stockmeyer},
	year = "1981",
	title = {Alternation},
	journal = {Journal of the Association for Computing Machinery},
	volume = "28",
	number = "1",
	pages = "114--133",
	doi = "10.1145/322234.322243",
}

@book{Gusfield:97,
    author  = {Dan Gusfield},
    title   = {Algorithms on Strings, Trees and Sequences},
    year    = "1997",
    publisher = {Cambridge University Press},
    address = {Cambridge, UK}
}

@InProceedings{P16-1001,
  author =	"Goodman, James
  	 and Vlachos, Andreas
	     and Naradowsky, Jason",
  title =    "Noise reduction and targeted exploration in imitation learning for      Abstract Meaning Representation parsing    ",
  booktitle = 	    "Proceedings of the 54th Annual Meeting of the Association for      Computational Linguistics (Volume 1: Long Papers)    ",
  year =    "2016",
  publisher =	"Association for Computational Linguistics",
  pages =   "1--11",
  location =	"Berlin, Germany",
  doi =    "10.18653/v1/P16-1001",
  url =    "http://aclweb.org/anthology/P16-1001"
}

@InProceedings{C14-1001,
  author =	"Harper, Mary",
  title = 	"Learning from 26 Languages: Program Management and Science in the Babel Program",
  booktitle = 	"Proceedings of COLING 2014, the 25th International Conference on Computational Linguistics: Technical Papers",
  year =    "2014",
  publisher =	"Dublin City University and Association for Computational Linguistics",
  pages =   "1",
  location =	"Dublin, Ireland",
  url =    "http://aclweb.org/anthology/C14-1001"
}

@InProceedings{Twitter:Sentiment:Analysis,
  author =  "Pak, Alexander and Paroubek, Patrick",
  title =   "Twitter as a Corpus for Sentiment Analysis and Opinion Mining",
  booktitle =   "Proceedings of the Seventh conference on International Language Resources and Evaluation (LREC'10)",
  year =  "2010",
  publisher =   "European Languages Resources Association (ELRA)",
  location =  "Valletta, Malta",
  url =   "http://aclweb.org/anthology/L10-1263"
}


@InProceedings{hello,
  author =  "Danescu-Niculescu-Mizil, Cristian and Cheng, Justin and Kleinberg, Jonand Lee, Lillian",
  title =   "You Had Me at Hello: How Phrasing Affects Memorability",
  booktitle =   "Proceedings of the 50th Annual Meeting of the Association for Computational Linguistics (Volume 1: Long Papers)",
  year =  "2012",
  publisher =   "Association for Computational Linguistics",
  pages =   "892--901",
  location =  "Jeju Island, Korea",
  url =   "http://aclweb.org/anthology/P12-1094"
}

@InProceedings{Recognizing:Humor:On:Twitter,
  title={Recognizing humor on twitter},
  author={Zhang, Renxian and Liu, Naishi},
  booktitle={Proceedings of the 23rd ACM International Conference on Conference on Information and Knowledge Management},
  pages={889--898},
  year={2014},
  organization={ACM}
}

@InProceedings{Learning:To:Laugh,
  title={Learning to laugh (automatically): Computational models for humor recognition},
  author={Mihalcea, Rada and Strapparava, Carlo},
  journal={Computational Intelligence},
  volume={22},
  number={2},
  pages={126--142},
  year={2006}
}

@InProceedings{ozbal2012computational,
  title={Computational humour for creative naming},
  author={Ozbal, G{\"o}zde and Strapparava, Carlo},
  journal={Computational Humor 2012},
  pages={15},
  year={2012}
}

@InProceedings{petrovic2013unsupervised,
  title={Unsupervised joke generation from big data.},
  author={Petrovic, Sasa and Matthews, David},
  booktitle={ACL (2)},
  pages={228--232},
  year={2013},
  organization={Citeseer}
}

@Inproceedings{berlyne1972humor,
  title={Humor and its kin},
  author={Berlyne, Daniel E},
  journal={The psychology of humor: Theoretical perspectives and empirical issues},
  pages={43--60},
  year={1972}
}

@Inproceedings{mulder2002humour,
  title={Humour research: State of art},
  author={Mulder, Matthijs P and Nijholt, Antinus},
  year={2002},
  publisher={University of Twente, Centre for Telematics and Information Technology}
}

@Inproceedings{gruner2000game,
  title={The game of humor: A comprehensive theory of why we laugh},
  author={Gruner, Charles R},
  year={2000},
  publisher={Transaction publishers}
}

@Inproceedings{raskin2012semantic,
  title={Semantic mechanisms of humor},
  author={Raskin, Victor},
  volume={24},
  year={2012},
  publisher={Springer Science \& Business Media}
}

@Inproceedings{attardo1991script,
  title={Script theory revis (it) ed: Joke similarity and joke representation model},
  author={Attardo, Salvatore and Raskin, Victor},
  journal={Humor-International Journal of Humor Research},
  volume={4},
  number={3-4},
  pages={293--348},
  year={1991}
}

@inproceedings{raskin2012little,
  title={A Little Metatheory: Thought on What aTheory of Computational Humor Should Look Like},
  author={Raskin, Victor},
  booktitle={2012 AAAI Fall Symposium Series},
  year={2012}
}

@inproceedings{de2011natural,
  title={Natural language processing for the working programmer},
  author={De Kok, Dani{\"e}l and Brouwer, Harm},
  year={2011},
  publisher={Del}
}

@Inproceedings{JM,
  title={Speech and language processing},
  author={Martin, James H and Jurafsky, Daniel},
  journal={International Edition},
  volume={710},
  year={2000}
}

@Inproceedings{simon2013too,
  title={Too Big to Ignore: The Business Case for Big Data},
  author={Simon, Phil},
  volume={72},
  year={2013},
  publisher={John Wiley \& Sons}
}

@Inproceddings{kohavi1998glossary,
  title={Glossary of terms},
  author={Kohavi, Ron and Provost, Foster},
  journal={Machine Learning},
  volume={30},
  number={2-3},
  pages={271--274},
  year={1998}
}

@article{stuart1994kendall,
  title={Kendallâ€™s Advanced Theory of Statistics, Volume 1: Distribution Theory, Edward Arnold},
  author={Stuart, Alan and Ord, J Keith},
  journal={London, UK,},
  year={1994}
}

@inproceedings{Heafield-estimate,
  author = {Kenneth Heafield and Ivan Pouzyrevsky and Jonathan H. Clark and Philipp Koehn},
  title = {Scalable Modified {Kneser-Ney} Language Model Estimation},
  year = {2013},
  month = {August},
  booktitle = {Proceedings of the 51st Annual Meeting of the Association for Computational Linguistics},
  address = {Sofia, Bulgaria},
  pages = {690--696},
  url = {http://kheafield.com/professional/edinburgh/estimate\_paper.pdf},
}